<?xml version="1.0" encoding="UTF-8"?><collection xmlns="http://www.loc.gov/MARC21/slim"><record><leader>00650nam--2200181-i-4500</leader><controlfield tag="001">000011583</controlfield><controlfield tag="002">20161230</controlfield><controlfield tag="005">20161230201029</controlfield><controlfield tag="008">060222s1000------------r-----000-0-eng-d</controlfield><datafield ind1=" " ind2=" " tag="040"><subfield code="a">IFIN-HH</subfield></datafield><datafield ind1=" " ind2=" " tag="080"><subfield code="a">541.64(061.3)</subfield></datafield><datafield ind1="1" ind2=" " tag="100"><subfield code="a">Boyer, Pierre</subfield></datafield><datafield ind1="1" ind2="0" tag="245"><subfield code="a">Technological aspectrs of the mechanical behavior of polymers</subfield><subfield code="b">Witco award symposium hooring dr. turner alfrey, held at detroit, michigan, may 2, 1973. sponsored by the american chemical society</subfield><subfield code="c">Raymond f. boyer</subfield></datafield><datafield ind1=" " ind2=" " tag="260"><subfield code="a">TORONTO</subfield><subfield code="b">John Wiley &amp; Sons</subfield><subfield code="c">1974</subfield></datafield><datafield ind1=" " ind2=" " tag="300"><subfield code="a">107 p</subfield></datafield><datafield ind1=" " ind2=" " tag="490"><subfield code="a">Applied Polymer Symposia</subfield><subfield code="v">No. 24</subfield></datafield><datafield ind1=" " ind2=" " tag="852"><subfield code="a">42550</subfield><subfield code="c">541.64</subfield></datafield><datafield ind1=" " ind2=" " tag="CAT"><subfield code="a">Sys</subfield><subfield code="c">20101116</subfield><subfield code="h">150645</subfield></datafield></record></collection>